<record xmlns="http://www.loc.gov/MARC21/slim">
  <leader>17448cgm a2201825 i 4500</leader>
  <controlfield tag="001">a10624520</controlfield>
  <controlfield tag="003">SIRSI</controlfield>
  <controlfield tag="005">20150322003002.0</controlfield>
  <controlfield tag="007">vd bsaizu</controlfield>
  <controlfield tag="008">141007t20142014xxu000            vleng c</controlfield>
  <datafield ind1=" " ind2=" " tag="020">
    <subfield code="a">1893967875</subfield>
  </datafield>
  <datafield ind1=" " ind2=" " tag="020">
    <subfield code="a">9781893967878</subfield>
  </datafield>
  <datafield ind1="1" ind2=" " tag="024">
    <subfield code="a">617311678790</subfield>
  </datafield>
  <datafield ind1="4" ind2="2" tag="028">
    <subfield code="a">FA0035</subfield>
    <subfield code="b">Flicker Alley</subfield>
  </datafield>
  <datafield ind1=" " ind2=" " tag="040">
    <subfield code="a">STF</subfield>
    <subfield code="b">eng</subfield>
    <subfield code="e">rda</subfield>
    <subfield code="c">STF</subfield>
    <subfield code="d">UtOrBLW</subfield>
  </datafield>
  <datafield ind1=" " ind2=" " tag="042">
    <subfield code="a">pcc</subfield>
  </datafield>
  <datafield ind1=" " ind2=" " tag="046">
    <subfield code="k">1909</subfield>
  </datafield>
  <datafield ind1=" " ind2=" " tag="046">
    <subfield code="k">1911</subfield>
  </datafield>
  <datafield ind1=" " ind2=" " tag="046">
    <subfield code="k">1912</subfield>
  </datafield>
  <datafield ind1=" " ind2=" " tag="046">
    <subfield code="k">1913</subfield>
  </datafield>
  <datafield ind1=" " ind2=" " tag="046">
    <subfield code="k">1914</subfield>
  </datafield>
  <datafield ind1=" " ind2=" " tag="046">
    <subfield code="k">1915</subfield>
  </datafield>
  <datafield ind1=" " ind2=" " tag="046">
    <subfield code="k">1916</subfield>
  </datafield>
  <datafield ind1=" " ind2=" " tag="046">
    <subfield code="k">1917</subfield>
  </datafield>
  <datafield ind1=" " ind2=" " tag="046">
    <subfield code="k">1919</subfield>
  </datafield>
  <datafield ind1=" " ind2=" " tag="046">
    <subfield code="k">1920</subfield>
  </datafield>
  <datafield ind1=" " ind2=" " tag="046">
    <subfield code="k">1922</subfield>
  </datafield>
  <datafield ind1=" " ind2=" " tag="046">
    <subfield code="k">1923</subfield>
  </datafield>
  <datafield ind1=" " ind2=" " tag="046">
    <subfield code="k">1924</subfield>
  </datafield>
  <datafield ind1=" " ind2=" " tag="046">
    <subfield code="k">1925</subfield>
  </datafield>
  <datafield ind1=" " ind2=" " tag="046">
    <subfield code="k">1926</subfield>
  </datafield>
  <datafield ind1=" " ind2=" " tag="046">
    <subfield code="k">1927</subfield>
  </datafield>
  <datafield ind1=" " ind2=" " tag="046">
    <subfield code="k">1928</subfield>
  </datafield>
  <datafield ind1=" " ind2=" " tag="046">
    <subfield code="k">1930</subfield>
  </datafield>
  <datafield ind1=" " ind2=" " tag="046">
    <subfield code="k">1932</subfield>
  </datafield>
  <datafield ind1=" " ind2=" " tag="046">
    <subfield code="k">1933</subfield>
  </datafield>
  <datafield ind1=" " ind2=" " tag="049">
    <subfield code="a">STFA</subfield>
  </datafield>
  <datafield ind1="0" ind2="4" tag="245">
    <subfield code="a">The Mack Sennett collection.</subfield>
    <subfield code="n">Vol. one.</subfield>
  </datafield>
  <datafield ind1=" " ind2=" " tag="250">
    <subfield code="a">Deluxe Blu-Ray Edition.</subfield>
  </datafield>
  <datafield ind1=" " ind2=" " tag="257">
    <subfield code="a">United States</subfield>
  </datafield>
  <datafield ind1=" " ind2="1" tag="264">
    <subfield code="a">[United States] :</subfield>
    <subfield code="b">Flicker Alley,</subfield>
    <subfield code="c">[2014]</subfield>
  </datafield>
  <datafield ind1=" " ind2="4" tag="264">
    <subfield code="c">©2014</subfield>
  </datafield>
  <datafield ind1=" " ind2=" " tag="300">
    <subfield code="a">3 videodiscs (16 hrs., 45 min.) :</subfield>
    <subfield code="b">sound, chiefly black and white ;</subfield>
    <subfield code="c">4 3/4 in.</subfield>
  </datafield>
  <datafield ind1=" " ind2=" " tag="336">
    <subfield code="a">two-dimensional moving image</subfield>
    <subfield code="2">rdacontent</subfield>
  </datafield>
  <datafield ind1=" " ind2=" " tag="337">
    <subfield code="a">video</subfield>
    <subfield code="2">rdamedia</subfield>
  </datafield>
  <datafield ind1=" " ind2=" " tag="338">
    <subfield code="a">videodisc</subfield>
    <subfield code="2">rdacarrier</subfield>
  </datafield>
  <datafield ind1=" " ind2=" " tag="344">
    <subfield code="a">digital</subfield>
    <subfield code="b">optical</subfield>
    <subfield code="2">rda</subfield>
  </datafield>
  <datafield ind1=" " ind2=" " tag="347">
    <subfield code="a">video file</subfield>
    <subfield code="b">Blu-ray</subfield>
    <subfield code="e">all regions</subfield>
    <subfield code="2">rda</subfield>
  </datafield>
  <datafield ind1=" " ind2=" " tag="380">
    <subfield code="a">Motion pictures.</subfield>
  </datafield>
  <datafield ind1=" " ind2=" " tag="500">
    <subfield code="a">Accompanying booklet (27 pages : illustrations ; 16 cm.) laid in container has credits and notes on each film.</subfield>
  </datafield>
  <datafield ind1=" " ind2=" " tag="538">
    <subfield code="a">Disc characteristics:  Blu-ray.</subfield>
  </datafield>
  <datafield ind1=" " ind2=" " tag="546">
    <subfield code="a">Chiefly silent films with English intertitles and musical accompaniment, four films and television program are sound films in English.</subfield>
  </datafield>
  <datafield ind1=" " ind2=" " tag="500">
    <subfield code="a">Originally produced in the United States as a motion pictures and released between 1909 and 1933.</subfield>
  </datafield>
  <datafield ind1=" " ind2=" " tag="500">
    <subfield code="a">Full screen 1.33:1.</subfield>
  </datafield>
  <datafield ind1=" " ind2=" " tag="508">
    <subfield code="a">Films produced by Mack Sennett for the Keystone Film Company and Mack Sennett Comedies; produced for video by CineMuseum, LLC and Keystone Films, LLC; restorations compiled and directed by Paul E. Gierucki; original scores composed and performed by Philip Carli, Ben Model, Dennis Scott, Andrew Simpson and Donald Sosin.</subfield>
  </datafield>
  <datafield ind1=" " ind2=" " tag="500">
    <subfield code="a">Bonus mateials include commentary tracks by noted film historians, The Sennett Story by Joe Adamson, newsreels, trailers, outtakes, rushes, Sennett-Color films, dedication of the Mabel Normand soundstage; This is your life: Mack Sennett television episode.</subfield>
  </datafield>
  <datafield ind1=" " ind2=" " tag="520">
    <subfield code="a">&quot;The Keystone Film Company, under the guidance of pioneering producer and director Mack Sennett, was the birthplace of classic American slapstick comedy.  This historic studio was at one time home to nearly every major silent screen comedian! Now, for the first time, thanks to FlickerAlley, CineMuseum, and Keystone FIlms, 50 of the best surviving Sennett comedies have been gathered from around the world to be fully restored and digitally remastered in HD.  These new editions have been painstakingly reconstructed by CineMuseum, LLC using original 35mm nitrate, archival negatives, preservation materials, and sometimes the lone known surviving film print, from the collections of the Library of Congress, the Museum of Modern Art, The Academy of Motion Picture Arts and Sciences, Blackhawk FIlms, Lobster Films, the Richard M. Roberts Collection, Gierucki Studios and dozens of privately held archives.&quot;--Container.</subfield>
  </datafield>
  <datafield ind1="1" ind2=" " tag="505">
    <subfield code="a">disc 1. The curtain pole (1909) / American Biograph ; director, D.W. Griffith, author, Mack Sennett ; cast: Mack Sennett, Harry Solter, Florence Lawrence (10:02).  The manicure lady (1911) / American Biograph ; director, Mack Sennett ; author, Edwin August ; cast: Mack Sennett, Vivian Prescott, Eddie Dillon, Kate Bruce (11:22).  A dash through the clouds (1912) / American Biograph ; director, Mack Sennett ; author, Dell Henderson ; cast: Mabel Normand, Fred Mace, Philip Parmalee (10:16 min.). The water nymph (1912) / Keystone ; director, Mack Sennett ; cast: Mabel Normand; Mack Sennett, Ford Sterling (8:20). A grocery clerk's romance (1912) / Keystone ; director, Mack Sennett ; cast: Ford Sterling, James C. Morton (7:38). On his wedding day (1913) / Keystone ; director, Mack Sennett ; cast: Ford Sterling, Dot Farley, Nick Cogley, Mabel Normand (6:16). Bangville Police (1913) / Keystone ; director, Henry &quot;Pathe&quot; Lehrman ; cast: Fred Mace, Mabel Normand, Nick Cogley, Dot Farley (6:27). A fishy affair (1913) / Keystone ; director, Mack Sennett ; cast, Ford Sterling, Laura Oakley, Nick Cogley, Dot Farley (7:10). The speed kings - Earl Cooper and Teddy Tetzlaff (1913) / director, Wilfred Lucas ; cast: Mabel Normand, Ford Sterling, Earl Cooper, Teddy Tezlaff, Roscoe &quot;Fatty&quot; Arbuckle, Barney Oldfield (8:33).  A thief catcher (1914) / Keystone ; director, Ford Sterling ; cast: Ford Sterling, Mack Swain, Edgar Kennedy, Charlie Chaplin (8:00). The great toe mystery (1914) / Keystone ; cast: Charles Parrott (aka Charley Chase), Alice Howell (10:51). Recreation (1914) / Keystone; director, Charles Chaplin ; cast: Charlie Chaplin, Peggy Page, Edwin Frazee (5:24). Shot in the excitement (1914) / Keystone ; cast: Alice Howell, Al St. John, Rube Miller, Josef Swickard (11:49). The noise of bombs (1914) / cast: Charlie Murray, Edgar Kennedy, Lucille Ward, Josef Swickard, Charles Parrott (11:33). Ambrose's first falsehood (1914) / Keystone ; director, F. Richard Jones ; cast: Mack Swain, Minta Durfee, Edgar Kennedy, Charles Parrott (11:14). A bird's a bird (1915) / Keystone; cast: Chester Conklin, Minta Durfee, Alice Davenport (12:40). Gussle's day of rest (1915) / Keystone ; director, F. Richard Jones ; cast: Syd Chaplin, Slim Summerville, Phyllis Allen (21:47). Do-re-mi-boom! (1915) / Keystone ; director, Walter Wright ; cast: Chester Conklin, Charles Arling, Harry Booker, Fred Fishback (11:40). A lover's lost control (1915) / Keystone ; director, Syd Chaplin and Charles Avery ; cast: Syd Chaplin, Phyllis Allen (22:20). A submarine pirate (1915) / Triangle Keystone ; director (Charles Avery and Syd Chaplin); cast: Syd Chaplin, Phyllis Allen, Wesley Ruggles, Louise Fazenda (24:23). Fatty and Mabel adrift (1916) / Triangle Keystone; director, Roscoe Arbuckle ; cast: Roscoe &quot;Fatty&quot; Arbuckle, Mabel Normand, Al St. John, Luke (30:38). His bitter pill (1916) / Triangle Keystone ; director, Fred Fishback; cast: Mack Swain, Louella Maxam, Edgar Kennedy (19:35). Madcap Ambrose (1916) / Triangle Keystone ; director, Fred Fishback; cast: Mack Swain, Polly Moran, Edgar Kennedy (21:44). Teddy at the throttle (1915) / Keystone Triangle ; director, Clarence Badger ; cast: Bobby Vernon, Gloria Swanson, Wallace Beery, Teddy (26:36). Bonus features: The water nymph and bathing beauties (outtakes and rushes, 9:01); The Mack Sennett Studio (1:03); The Crossroads of New York [trailer] (1:22); The Sennett Story by Joe Adamson.</subfield>
  </datafield>
  <datafield ind1="8" ind2=" " tag="505">
    <subfield code="a">-- disc 2. Her torpedoed love (1917) / Triangle Keystone ; director, Frank C. Griffin ; cast: Louise Fazenda, Ford Sterling (21:08). A clever dummy (1917) / Triangle Keystone ; director, Herman C. Raymaker ; cast: Ben Turpin, Chester Conklin, Wallace Beery (19:23). Hearts and flowers (1919) / Mack Sennett Comedies ; director, Eddie Cline ; cast: Louise Fazenda, Ford Sterling, Phyllis Haver (21:18). Down on the farm (1920) / Mack Sennett Comedies / director, Erle C. Kenton and Ray Grey; cast: Louise Fazenda, Bert Roach, James Finlayson; Harry Gribbon, Marie Prevost, Ben Turpin, Teddy, Pepper (52:02). Don't weaken (1920) / Mack Sennett Comedies ; director, Mal St. Clair ; cast: Charlie Murray, Ford Sterlng, James Finlayson (21:27). Gymnasium Jim (1922) / Mack Sennett Comedies ; director, Roy Del Ruth; cast: Billy Bevan, Mildred June; Kewpie Morgan (19:19).  The Extra girl (1923) / Mack Sennet Comedies ; director: F. Richard Jones ; cast: Mabel Normand, Ralph Graves, George O. Nichols; Vernon Dent, Harry Gribbon (1:12:44). The dare-devil (1923) / Mack Sennett Comedies ; director, Del Lord ; cast: Ben Turpin, Harry Gribbon, Kewpie Morgan, Madeline Hurlock (19:56). Black Oxfords (1924) / Mack Sennett Comedies ; director, Del Lord ; cast: Sid Smith, Vernon Dent, Marceline Day (19:32). Galloping Bungalows (1924) / Mack Sennett Comedies ; director, Del Lord; cast: Billy Bevan, Sid Smith, Natalie Kingston (19:18). His marriage wow (1925) / Mack Sennett Comedies ; director, Harry Edwards; cast: Harry Langdon, Natalie Kingston, Vernon Dent. Bonus features: Mack Sennett on the air (Textaco Star Theatre, 1939, 30:00, Lawrence Welk Show 1949, 3:00), Meet the stars: Stars past and present (dedication of the Mabel Normand soundstage, 1941, 6:39), Erskine Johnson's Hollywood reel (1950, 2:57); Mack Sennett's 70th birthday party (1950, 5:18).</subfield>
  </datafield>
  <datafield ind1="8" ind2=" " tag="505">
    <subfield code="a">-- disc 3. Super-hooper-dyne lizzies (1925) / Mack Sennett Comedies ; director, Del Lord ; cast: Billy Bevan, Andy Clyde (17:47). A rainy knight (1925) / Mack Sennett Comedies ; director, Lloyd Bacon ; cast: Raymond McKee, Ruth Taylor (19:55). Saturday afternoon (1926) / Mack Sennett Comedies ; director, Harry Edwards ; cast: Harry Langdon, Ruth Hiatt, Vernon Dent (27:00). A sea dog's tale (1926) / Mack Sennett Comedies ; director, Del Lord ; cast: Billy Bevan, Madeline Hurlock, Andy Clyde, Vernon Dent (11:15). Hoboken to Hollywood (1926) / Mack Sennett Comedies ; director, Del Lord ; cast: Billy Bevan, Vernon Dent, Thelma Hill (20:22). Ice cold cocos (1926) / Mack Sennett Comedies ; director, Del Lord ; cast: Billy Bevan, Andy Clyde, Madeline Hurlock, Kewpie Morgan, Louise Carver (18:34). Broke in China (1927) / Mack Sennett Comedies ; director, Eddie Cline ; cast: Ben Turpin, Louise Carver, Alice Belcher, Ruth Taylor, Andy Clyde (20:21). The pride of Pikeville (1927) / Mack Sennett Comedies ; director, Alf Goulding ; cast: Ben Turpin, Thelma Hill, Ruth Taylor, Andy Clyde, Vernon Dent (20:21). Fiddlesticks (1927) / Mack Sennett Comedies ; director, Harry Edwards ; cast: Harry Langdon, Vernon Dent, Tiny Ward (20:46). Run, girl, run (1928) / Mack Sennett Comedies ; director, Alf Goulding ; cast: Daphne Pollard, Carole Lombard, Lionel Belmore (19:53, color sequences). Taxi for two (1928) / Mack Sennett Comedies ; director, Del Lord ; cast: Jack Cooper, Virginia Vance, Otto Fries, Andy Clyde (16:47). The bluffer (1930) / a Mack Sennett Brevity ; director, Eddie Cline ; cast: Andy Clyde, Patsy O'Leary (11:06,  color) ; The Dentist (1932) / a Mack Sennett Star Comedy ; director, Leslie Pearce ; cast: W.C. Fields, Marjorie &quot;Babe&quot; Kane, Elise Cavanna, Bud Jamison, Dorothy Granger (21:47). Don't play bridge with your wife (1933) / a Mack Sennett Star Comedy ; director, Leslie Pearce ; cast: Nora Lane, Cornelius Keefe, Grady Sutton, Marjorie Bebe, Bud Jamison (17:57). The fatal glass of beer (1933) / a Mack Sennett Star Comedy ; director, Clyde Bruckman ; cast: W.C. Fields, Rosemary Theby, George Chandler, Rychard Cramer (18:56). Bonus features: This is your life: Mack Sennett (1958, 28:32) ; People in the news - Keystone Cops reunion (1962, 1:09)</subfield>
  </datafield>
  <datafield ind1="1" ind2="0" tag="600">
    <subfield code="a">Sennett, Mack,</subfield>
    <subfield code="d">1880-1960.</subfield>
    <subfield code="=">^A507605</subfield>
  </datafield>
  <datafield ind1=" " ind2="7" tag="655">
    <subfield code="a">Comedy films.</subfield>
    <subfield code="2">lcgft</subfield>
    <subfield code="=">^A2950551</subfield>
  </datafield>
  <datafield ind1=" " ind2="7" tag="655">
    <subfield code="a">Slapstick comedy films.</subfield>
    <subfield code="2">lcgft</subfield>
    <subfield code="=">^A2950744</subfield>
  </datafield>
  <datafield ind1=" " ind2="7" tag="655">
    <subfield code="a">Silent films.</subfield>
    <subfield code="2">lcgft</subfield>
    <subfield code="=">^A2950740</subfield>
  </datafield>
  <datafield ind1=" " ind2="7" tag="655">
    <subfield code="a">Nonfiction television programs.</subfield>
    <subfield code="2">lcgft</subfield>
    <subfield code="=">^A2950684</subfield>
  </datafield>
  <datafield ind1=" " ind2="7" tag="655">
    <subfield code="a">Biographical television programs.</subfield>
    <subfield code="2">lcgft</subfield>
    <subfield code="=">^A2950532</subfield>
  </datafield>
  <datafield ind1=" " ind2="7" tag="655">
    <subfield code="a">Fiction films.</subfield>
    <subfield code="2">lcgft</subfield>
    <subfield code="=">^A2950597</subfield>
  </datafield>
  <datafield ind1=" " ind2="7" tag="655">
    <subfield code="a">Short films.</subfield>
    <subfield code="2">lcgft</subfield>
    <subfield code="=">^A2950739</subfield>
  </datafield>
  <datafield ind1=" " ind2="7" tag="655">
    <subfield code="a">Feature films.</subfield>
    <subfield code="2">lcgft</subfield>
    <subfield code="=">^A2950595</subfield>
  </datafield>
  <datafield ind1="1" ind2=" " tag="700">
    <subfield code="a">Sennett, Mack,</subfield>
    <subfield code="d">1880-1960,</subfield>
    <subfield code="e">film director,</subfield>
    <subfield code="e">film producer,</subfield>
    <subfield code="e">actor,</subfield>
    <subfield code="e">screenwriter.</subfield>
    <subfield code="=">^A507605</subfield>
  </datafield>
  <datafield ind1="1" ind2=" " tag="700">
    <subfield code="a">Normand, Mabel,</subfield>
    <subfield code="d">1894-1930</subfield>
    <subfield code="e">actor.</subfield>
    <subfield code="=">^A276453</subfield>
  </datafield>
  <datafield ind1="1" ind2=" " tag="700">
    <subfield code="a">Sterling, Ford,</subfield>
    <subfield code="d">1882-1939</subfield>
    <subfield code="e">actor.</subfield>
    <subfield code="=">^A1274040</subfield>
  </datafield>
  <datafield ind1="1" ind2=" " tag="700">
    <subfield code="a">Arbuckle, Roscoe,</subfield>
    <subfield code="d">1887-1933</subfield>
    <subfield code="e">actor,</subfield>
    <subfield code="e">film director.</subfield>
    <subfield code="=">^A501120</subfield>
  </datafield>
  <datafield ind1="1" ind2=" " tag="700">
    <subfield code="a">Chaplin, Charlie,</subfield>
    <subfield code="d">1889-1977</subfield>
    <subfield code="e">actor,</subfield>
    <subfield code="e">film director.</subfield>
    <subfield code="=">^A135329</subfield>
  </datafield>
  <datafield ind1="1" ind2=" " tag="700">
    <subfield code="a">Chaplin, Syd,</subfield>
    <subfield code="d">1885-1965</subfield>
    <subfield code="e">actor,</subfield>
    <subfield code="e">film director.</subfield>
    <subfield code="=">^A1488424</subfield>
  </datafield>
  <datafield ind1="1" ind2=" " tag="700">
    <subfield code="a">Swain, Mack,</subfield>
    <subfield code="d">1876-1935</subfield>
    <subfield code="e">actor.</subfield>
    <subfield code="=">^A501145</subfield>
  </datafield>
  <datafield ind1="1" ind2=" " tag="700">
    <subfield code="a">Conklin, Chester,</subfield>
    <subfield code="d">1888-1971,</subfield>
    <subfield code="e">actor.</subfield>
    <subfield code="=">^A548184</subfield>
  </datafield>
  <datafield ind1="1" ind2=" " tag="700">
    <subfield code="a">Fazenda, Louise,</subfield>
    <subfield code="d">1895-1962</subfield>
    <subfield code="e">actor.</subfield>
    <subfield code="=">^A1332361</subfield>
  </datafield>
  <datafield ind1="1" ind2=" " tag="700">
    <subfield code="a">Turpin, Ben,</subfield>
    <subfield code="d">1874-1940</subfield>
    <subfield code="e">actor.</subfield>
    <subfield code="=">^A548185</subfield>
  </datafield>
  <datafield ind1="1" ind2=" " tag="700">
    <subfield code="a">Kennedy, Edgar,</subfield>
    <subfield code="d">1890-1948,</subfield>
    <subfield code="e">actor.</subfield>
    <subfield code="=">^A556421</subfield>
  </datafield>
  <datafield ind1="1" ind2=" " tag="700">
    <subfield code="a">Fishback, Fred</subfield>
    <subfield code="e">film director.</subfield>
    <subfield code="=">^A1961661</subfield>
  </datafield>
  <datafield ind1="1" ind2=" " tag="700">
    <subfield code="a">Beery, Wallace,</subfield>
    <subfield code="e">actor.</subfield>
    <subfield code="=">^A151804</subfield>
  </datafield>
  <datafield ind1="1" ind2=" " tag="700">
    <subfield code="a">Kenton, Erle C.,</subfield>
    <subfield code="d">1896-1980,</subfield>
    <subfield code="e">film director.</subfield>
    <subfield code="=">^A649346</subfield>
  </datafield>
  <datafield ind1="1" ind2=" " tag="700">
    <subfield code="a">Finlayson, James,</subfield>
    <subfield code="d">1887-1953,</subfield>
    <subfield code="e">actor.</subfield>
    <subfield code="=">^A636157</subfield>
  </datafield>
  <datafield ind1="1" ind2=" " tag="700">
    <subfield code="a">Gribbon, Harry,</subfield>
    <subfield code="d">1885-1961</subfield>
    <subfield code="e">actor.</subfield>
    <subfield code="=">^A3242281</subfield>
  </datafield>
  <datafield ind1="1" ind2=" " tag="700">
    <subfield code="a">St. Clair, Malcolm,</subfield>
    <subfield code="d">1897-1952,</subfield>
    <subfield code="e">film director.</subfield>
    <subfield code="=">^A645588</subfield>
  </datafield>
  <datafield ind1="1" ind2=" " tag="700">
    <subfield code="a">Lord, Del,</subfield>
    <subfield code="d">1894-1970,</subfield>
    <subfield code="e">film director.</subfield>
    <subfield code="=">^A1368155</subfield>
  </datafield>
  <datafield ind1="1" ind2=" " tag="700">
    <subfield code="a">Edwards, Harry,</subfield>
    <subfield code="d">1888-1952</subfield>
    <subfield code="e">film director.</subfield>
    <subfield code="=">^A1274507</subfield>
  </datafield>
  <datafield ind1="1" ind2=" " tag="700">
    <subfield code="a">Langdon, Harry,</subfield>
    <subfield code="d">1884-1944,</subfield>
    <subfield code="e">actor.</subfield>
    <subfield code="=">^A266358</subfield>
  </datafield>
  <datafield ind1="1" ind2=" " tag="700">
    <subfield code="a">Dent, Vernon,</subfield>
    <subfield code="d">1895-1963</subfield>
    <subfield code="e">actor.</subfield>
    <subfield code="=">^A853806</subfield>
  </datafield>
  <datafield ind1="1" ind2=" " tag="700">
    <subfield code="a">Bevan, Billy,</subfield>
    <subfield code="d">1887-1957</subfield>
    <subfield code="e">actor.</subfield>
    <subfield code="=">^A650301</subfield>
  </datafield>
  <datafield ind1="1" ind2=" " tag="700">
    <subfield code="a">Jones, Richard,</subfield>
    <subfield code="d">1893-1930</subfield>
    <subfield code="e">film director.</subfield>
    <subfield code="=">^A1200609</subfield>
  </datafield>
  <datafield ind1="1" ind2=" " tag="700">
    <subfield code="a">Cline, Edward,</subfield>
    <subfield code="d">1892-1961</subfield>
    <subfield code="e">film director.</subfield>
    <subfield code="=">^A645565</subfield>
  </datafield>
  <datafield ind1="1" ind2=" " tag="700">
    <subfield code="a">Goulding, Alfred,</subfield>
    <subfield code="e">film director.</subfield>
    <subfield code="=">^A867888</subfield>
  </datafield>
  <datafield ind1="1" ind2=" " tag="700">
    <subfield code="a">Hurlock, Madeline,</subfield>
    <subfield code="d">1899-1989</subfield>
    <subfield code="e">actor.</subfield>
    <subfield code="=">^A1370625</subfield>
  </datafield>
  <datafield ind1="1" ind2=" " tag="700">
    <subfield code="a">Lombard, Carole,</subfield>
    <subfield code="d">1908-1942,</subfield>
    <subfield code="e">actor.</subfield>
    <subfield code="=">^A28821</subfield>
  </datafield>
  <datafield ind1="1" ind2=" " tag="700">
    <subfield code="a">Fields, W. C.</subfield>
    <subfield code="q">(William Claude),</subfield>
    <subfield code="d">1880-1946</subfield>
    <subfield code="e">actor.</subfield>
    <subfield code="=">^A121678</subfield>
  </datafield>
  <datafield ind1="2" ind2=" " tag="710">
    <subfield code="a">Keystone Film Company,</subfield>
    <subfield code="e">production company.</subfield>
    <subfield code="=">^A45433</subfield>
  </datafield>
  <datafield ind1="2" ind2=" " tag="710">
    <subfield code="a">Mack Sennett Comedies (Firm)</subfield>
    <subfield code="e">production company.</subfield>
    <subfield code="=">^A1937873</subfield>
  </datafield>
  <datafield ind1="0" ind2="2" tag="730">
    <subfield code="i">Contains (work):</subfield>
    <subfield code="a">Curtain pole.</subfield>
    <subfield code="?">UNAUTHORIZED</subfield>
  </datafield>
  <datafield ind1="0" ind2="2" tag="730">
    <subfield code="i">Contains (work):</subfield>
    <subfield code="a">Manicure lady.</subfield>
    <subfield code="?">UNAUTHORIZED</subfield>
  </datafield>
  <datafield ind1="0" ind2="2" tag="730">
    <subfield code="i">Contains (work):</subfield>
    <subfield code="a">Dash through the clouds.</subfield>
    <subfield code="?">UNAUTHORIZED</subfield>
  </datafield>
  <datafield ind1="0" ind2="2" tag="730">
    <subfield code="i">Contains (work):</subfield>
    <subfield code="a">Water nymph (Motion picture)</subfield>
    <subfield code="?">UNAUTHORIZED</subfield>
  </datafield>
  <datafield ind1="0" ind2="2" tag="730">
    <subfield code="i">Contains (work):</subfield>
    <subfield code="a">Grocery clerk's romance.</subfield>
    <subfield code="?">UNAUTHORIZED</subfield>
  </datafield>
  <datafield ind1="0" ind2="2" tag="730">
    <subfield code="i">Contains (work):</subfield>
    <subfield code="a">On his wedding day.</subfield>
    <subfield code="?">UNAUTHORIZED</subfield>
  </datafield>
  <datafield ind1="0" ind2="2" tag="730">
    <subfield code="i">Contains (work):</subfield>
    <subfield code="a">Bangville Police.</subfield>
    <subfield code="?">UNAUTHORIZED</subfield>
  </datafield>
  <datafield ind1="0" ind2="2" tag="730">
    <subfield code="i">Contains (work):</subfield>
    <subfield code="a">Fishy affair.</subfield>
    <subfield code="?">UNAUTHORIZED</subfield>
  </datafield>
  <datafield ind1="0" ind2="2" tag="730">
    <subfield code="i">Contains (work):</subfield>
    <subfield code="a">Speed kings (Motion picture : 1913)</subfield>
    <subfield code="?">UNAUTHORIZED</subfield>
  </datafield>
  <datafield ind1="0" ind2="2" tag="730">
    <subfield code="i">Contains (work):</subfield>
    <subfield code="a">Thief catcher.</subfield>
    <subfield code="?">UNAUTHORIZED</subfield>
  </datafield>
  <datafield ind1="0" ind2="2" tag="730">
    <subfield code="i">Contains (work):</subfield>
    <subfield code="a">Great toe mystery.</subfield>
    <subfield code="?">UNAUTHORIZED</subfield>
  </datafield>
  <datafield ind1="0" ind2="2" tag="730">
    <subfield code="i">Contains (work):</subfield>
    <subfield code="a">Recreation (Motion picture : 1914)</subfield>
    <subfield code="?">UNAUTHORIZED</subfield>
  </datafield>
  <datafield ind1="0" ind2="2" tag="730">
    <subfield code="i">Contains (work):</subfield>
    <subfield code="a">Shot in the excitement.</subfield>
    <subfield code="?">UNAUTHORIZED</subfield>
  </datafield>
  <datafield ind1="0" ind2="2" tag="730">
    <subfield code="i">Contains (work):</subfield>
    <subfield code="a">Noise of bombs.</subfield>
    <subfield code="?">UNAUTHORIZED</subfield>
  </datafield>
  <datafield ind1="0" ind2="2" tag="730">
    <subfield code="i">Contains (work):</subfield>
    <subfield code="a">Ambrose's first falsehood.</subfield>
    <subfield code="?">UNAUTHORIZED</subfield>
  </datafield>
  <datafield ind1="0" ind2="2" tag="730">
    <subfield code="i">Contains (work):</subfield>
    <subfield code="a">Bird's a bird.</subfield>
    <subfield code="?">UNAUTHORIZED</subfield>
  </datafield>
  <datafield ind1="0" ind2="2" tag="730">
    <subfield code="i">Contains (work):</subfield>
    <subfield code="a">Gussle's day of rest.</subfield>
    <subfield code="?">UNAUTHORIZED</subfield>
  </datafield>
  <datafield ind1="0" ind2="2" tag="730">
    <subfield code="i">Contains (work):</subfield>
    <subfield code="a">Do-re-mi-boom!</subfield>
    <subfield code="?">UNAUTHORIZED</subfield>
  </datafield>
  <datafield ind1="0" ind2="2" tag="730">
    <subfield code="i">Contains (work):</subfield>
    <subfield code="a">Lover's lost control.</subfield>
    <subfield code="?">UNAUTHORIZED</subfield>
  </datafield>
  <datafield ind1="0" ind2="2" tag="730">
    <subfield code="i">Contains (work):</subfield>
    <subfield code="a">Submarine pirate.</subfield>
    <subfield code="?">UNAUTHORIZED</subfield>
  </datafield>
  <datafield ind1="0" ind2="2" tag="730">
    <subfield code="i">Contains (work):</subfield>
    <subfield code="a">Fatty and Mabel adrift.</subfield>
    <subfield code="?">UNAUTHORIZED</subfield>
  </datafield>
  <datafield ind1="0" ind2="2" tag="730">
    <subfield code="i">Contains (work):</subfield>
    <subfield code="a">His bitter pill.</subfield>
    <subfield code="?">UNAUTHORIZED</subfield>
  </datafield>
  <datafield ind1="0" ind2="2" tag="730">
    <subfield code="i">Contains (work):</subfield>
    <subfield code="a">Madcap Ambrose.</subfield>
    <subfield code="?">UNAUTHORIZED</subfield>
  </datafield>
  <datafield ind1="0" ind2="2" tag="730">
    <subfield code="i">Contains (work):</subfield>
    <subfield code="a">Teddy at the throttle.</subfield>
    <subfield code="?">UNAUTHORIZED</subfield>
  </datafield>
  <datafield ind1="0" ind2="2" tag="730">
    <subfield code="i">Contains (work):</subfield>
    <subfield code="a">Her torpedoed love.</subfield>
    <subfield code="?">UNAUTHORIZED</subfield>
  </datafield>
  <datafield ind1="0" ind2="2" tag="730">
    <subfield code="i">Contains (work):</subfield>
    <subfield code="a">Clever dummy.</subfield>
    <subfield code="?">UNAUTHORIZED</subfield>
  </datafield>
  <datafield ind1="0" ind2="2" tag="730">
    <subfield code="i">Contains (work):</subfield>
    <subfield code="a">Hearts and flowers (Motion picture : 1919)</subfield>
    <subfield code="?">UNAUTHORIZED</subfield>
  </datafield>
  <datafield ind1="0" ind2="2" tag="730">
    <subfield code="i">Contains (work):</subfield>
    <subfield code="a">Down on the farm (Motion picture : 1920 : Kenton and Grey)</subfield>
    <subfield code="?">UNAUTHORIZED</subfield>
  </datafield>
  <datafield ind1="0" ind2="2" tag="730">
    <subfield code="i">Contains (work):</subfield>
    <subfield code="a">Don't weaken (Motion picture : 1920 : St. Clair)</subfield>
    <subfield code="?">UNAUTHORIZED</subfield>
  </datafield>
  <datafield ind1="0" ind2="2" tag="730">
    <subfield code="i">Contains (work):</subfield>
    <subfield code="a">Gymnasium Jim.</subfield>
    <subfield code="?">UNAUTHORIZED</subfield>
  </datafield>
  <datafield ind1="0" ind2="2" tag="730">
    <subfield code="i">Contains (work):</subfield>
    <subfield code="a">Extra girl.</subfield>
    <subfield code="?">UNAUTHORIZED</subfield>
  </datafield>
  <datafield ind1="0" ind2="2" tag="730">
    <subfield code="i">Contains (work):</subfield>
    <subfield code="a">Dare-devil (Motion picture : 1923)</subfield>
    <subfield code="?">UNAUTHORIZED</subfield>
  </datafield>
  <datafield ind1="0" ind2="2" tag="730">
    <subfield code="i">Contains (work):</subfield>
    <subfield code="a">Black Oxfords.</subfield>
    <subfield code="?">UNAUTHORIZED</subfield>
  </datafield>
  <datafield ind1="0" ind2="2" tag="730">
    <subfield code="i">Contains (work):</subfield>
    <subfield code="a">Galloping Bungalows.</subfield>
    <subfield code="?">UNAUTHORIZED</subfield>
  </datafield>
  <datafield ind1="0" ind2="2" tag="730">
    <subfield code="i">Contains (work):</subfield>
    <subfield code="a">His marriage wow.</subfield>
    <subfield code="?">UNAUTHORIZED</subfield>
  </datafield>
  <datafield ind1="0" ind2="2" tag="730">
    <subfield code="i">Contains (work):</subfield>
    <subfield code="a">Super-hooper-dyne lizzies.</subfield>
    <subfield code="?">UNAUTHORIZED</subfield>
  </datafield>
  <datafield ind1="0" ind2="2" tag="730">
    <subfield code="i">Contains (work):</subfield>
    <subfield code="a">Rainy knight.</subfield>
    <subfield code="?">UNAUTHORIZED</subfield>
  </datafield>
  <datafield ind1="0" ind2="2" tag="730">
    <subfield code="i">Contains (work):</subfield>
    <subfield code="a">Saturday afternoon (Motion picture : 1926)</subfield>
    <subfield code="?">UNAUTHORIZED</subfield>
  </datafield>
  <datafield ind1="0" ind2="2" tag="730">
    <subfield code="i">Contains (work):</subfield>
    <subfield code="a">Sea dog's tale.</subfield>
    <subfield code="?">UNAUTHORIZED</subfield>
  </datafield>
  <datafield ind1="0" ind2="2" tag="730">
    <subfield code="i">Contains (work):</subfield>
    <subfield code="a">Hoboken to Hollywood.</subfield>
    <subfield code="?">UNAUTHORIZED</subfield>
  </datafield>
  <datafield ind1="0" ind2="2" tag="730">
    <subfield code="i">Contains (work):</subfield>
    <subfield code="a">Ice cold cocos.</subfield>
    <subfield code="?">UNAUTHORIZED</subfield>
  </datafield>
  <datafield ind1="0" ind2="2" tag="730">
    <subfield code="i">Contains (work):</subfield>
    <subfield code="a">Broke in China.</subfield>
    <subfield code="?">UNAUTHORIZED</subfield>
  </datafield>
  <datafield ind1="0" ind2="2" tag="730">
    <subfield code="i">Contains (work):</subfield>
    <subfield code="a">Pride of Pikeville.</subfield>
    <subfield code="?">UNAUTHORIZED</subfield>
  </datafield>
  <datafield ind1="0" ind2="2" tag="730">
    <subfield code="i">Contains (work):</subfield>
    <subfield code="a">Fiddlesticks (Motion picture : 1927)</subfield>
    <subfield code="?">UNAUTHORIZED</subfield>
  </datafield>
  <datafield ind1="0" ind2="2" tag="730">
    <subfield code="i">Contains (work):</subfield>
    <subfield code="a">Run, girl, run (Motion picture : 1928)</subfield>
    <subfield code="?">UNAUTHORIZED</subfield>
  </datafield>
  <datafield ind1="0" ind2="2" tag="730">
    <subfield code="i">Contains (work):</subfield>
    <subfield code="a">Taxi for two (Motion picture : 1928)</subfield>
    <subfield code="?">UNAUTHORIZED</subfield>
  </datafield>
  <datafield ind1="0" ind2="2" tag="730">
    <subfield code="i">Contains (work):</subfield>
    <subfield code="a">Bluffer (Motion picture : 1930)</subfield>
    <subfield code="?">UNAUTHORIZED</subfield>
  </datafield>
  <datafield ind1="0" ind2="2" tag="730">
    <subfield code="i">Contains (work):</subfield>
    <subfield code="a">Dentist (Motion picture : 1932)</subfield>
    <subfield code="?">UNAUTHORIZED</subfield>
  </datafield>
  <datafield ind1="0" ind2="2" tag="730">
    <subfield code="i">Contains (work):</subfield>
    <subfield code="a">Don't play bridge with your wife.</subfield>
    <subfield code="?">UNAUTHORIZED</subfield>
  </datafield>
  <datafield ind1="0" ind2="2" tag="730">
    <subfield code="i">Contains (work):</subfield>
    <subfield code="a">Fatal glass of beer.</subfield>
    <subfield code="?">UNAUTHORIZED</subfield>
  </datafield>
  <datafield ind1="0" ind2="2" tag="730">
    <subfield code="i">Contains (work):</subfield>
    <subfield code="a">This is your life (Television program)</subfield>
    <subfield code="p">Mack Sennett.</subfield>
    <subfield code="=">^A3242535</subfield>
  </datafield>
  <datafield ind1=" " ind2=" " tag="994">
    <subfield code="a">C0</subfield>
    <subfield code="b">STF</subfield>
  </datafield>
  <datafield ind1=" " ind2=" " tag="035">
    <subfield code="a">(OCoLC-M)892494482</subfield>
  </datafield>
  <datafield ind1=" " ind2=" " tag="035">
    <subfield code="a">(OCoLC-I)892580709</subfield>
  </datafield>
  <datafield ind1=" " ind2=" " tag="596">
    <subfield code="a">1</subfield>
  </datafield>
  <datafield ind1=" " ind2=" " tag="852">
    <subfield code="a">CSt</subfield>
    <subfield code="b">GREEN</subfield>
    <subfield code="c">MEDIA-MTXT</subfield>
    <subfield code="t">1</subfield>
  </datafield>
  <datafield ind1="4" ind2="1" tag="866">
    <subfield code="8">0</subfield>
    <subfield code="a">3 videodiscs + 1 booklet</subfield>
  </datafield>
  <datafield ind1=" " ind2=" " tag="999">
    <subfield code="a">ZDVD 33820 BLU-RAY</subfield>
    <subfield code="w">ALPHANUM</subfield>
    <subfield code="c">1</subfield>
    <subfield code="i">36105222447380</subfield>
    <subfield code="j">4</subfield>
    <subfield code="l">MEDIA-MTXT</subfield>
    <subfield code="m">GREEN</subfield>
    <subfield code="r">Y</subfield>
    <subfield code="s">Y</subfield>
    <subfield code="t">NH-DVDCD</subfield>
    <subfield code="u">9/16/2014</subfield>
  </datafield>
</record>
